<record><leader>00000cas a22000007a 4500</leader><controlfield tag="001">20546445</controlfield><controlfield tag="008">891025d194319uupaumn ne      0    0eng d</controlfield><datafield ind1=" " ind2=" " tag="010"><subfield code="a">sn 89077310 </subfield></datafield><datafield ind1=" " ind2=" " tag="040"><subfield code="a">NPH</subfield><subfield code="b">eng</subfield><subfield code="c">NPH</subfield><subfield code="d">OCLCQ</subfield></datafield><datafield ind1=" " ind2=" " tag="042"><subfield code="a">msc</subfield></datafield><datafield ind1="0" ind2="0" tag="245"><subfield code="a">Dublin gremlin.</subfield></datafield><datafield ind1=" " ind2=" " tag="260"><subfield code="a">Dublin, Penna. :</subfield><subfield code="b">Cal Tinney,</subfield><subfield code="c">1943-</subfield></datafield><datafield ind1=" " ind2=" " tag="300"><subfield code="a">v. ;</subfield><subfield code="c">54 cm.</subfield></datafield><datafield ind1=" " ind2=" " tag="310"><subfield code="a">Monthly</subfield></datafield><datafield ind1="0" ind2=" " tag="362"><subfield code="a">Vol. 1, no. 1 (Mar. 6, 1943)-</subfield></datafield><datafield ind1=" " ind2=" " tag="500"><subfield code="a">"Rarest newspaper in the world."</subfield></datafield><datafield ind1=" " ind2=" " tag="500"><subfield code="a">"Published just once, provided this issue comes out."</subfield></datafield><datafield ind1=" " ind2=" " tag="752"><subfield code="a">United States</subfield><subfield code="b">Pennsylvania</subfield><subfield code="c">Bucks</subfield><subfield code="d">Dublin.</subfield></datafield></record>